@online{foo12,
  year = "2017-01-02",
  title = "Energia promieniowania",
  url = "https://pl.wikipedia.org/wiki/Promieniowanie_s%C5%82oneczne"
}
@online{konwersja,
  year = "2011",
  title = "Wybrane problemy energetyki s≈Çonecznej",
  url = "http://www.elektroenergetyka.org/9/57.pdf"
}
@online{offgrid,
  year = "25-08-2014",
  title = "Prosument. Instalacja fotowoltaiczna wyspowa czy sieciowa?",
  url = "https://www.youtube.com/watch?v=AqKcTphN_u4"
}